@ARTICLE{726791, 
author={Y. Lecun and L. Bottou and Y. Bengio and P. Haffner}, 
journal={Proceedings of the IEEE}, 
title={Gradient-based learning applied to document recognition}, 
year={1998}, 
volume={86}, 
number={11}, 
pages={2278-2324}, 
keywords={backpropagation;convolution;multilayer perceptrons;optical character recognition;2D shape variability;GTN;back-propagation;cheque reading;complex decision surface synthesis;convolutional neural network character recognizers;document recognition;document recognition systems;field extraction;gradient based learning technique;gradient-based learning;graph transformer networks;handwritten character recognition;handwritten digit recognition task;high-dimensional patterns;language modeling;multilayer neural networks;multimodule systems;performance measure minimization;segmentation recognition;Character recognition;Feature extraction;Hidden Markov models;Machine learning;Multi-layer neural network;Neural networks;Optical character recognition software;Optical computing;Pattern recognition;Principal component analysis}, 
doi={10.1109/5.726791}, 
ISSN={0018-9219}, 
month={Nov},}

@incollection{NIPS2012_4824,
title = {ImageNet Classification with Deep Convolutional Neural Networks},
author = {Alex Krizhevsky and Sutskever, Ilya and Hinton, Geoffrey E},
booktitle = {Advances in Neural Information Processing Systems 25},
editor = {F. Pereira and C. J. C. Burges and L. Bottou and K. Q. Weinberger},
pages = {1097--1105},
year = {2012},
publisher = {Curran Associates, Inc.},
url = {http://papers.nips.cc/paper/4824-imagenet-classification-with-deep-convolutional-neural-networks.pdf}
}

@Article{Simonyan14c,
    author       = "Simonyan, K. and Zisserman, A.",
    title        = "Very Deep Convolutional Networks for Large-Scale Image Recognition",
    journal      = "CoRR",
    volume       = "abs/1409.1556",
    year         = "2014"
}

@InProceedings{pmlr-v9-glorot10a,
  title = 	 {Understanding the difficulty of training deep feedforward neural networks},
  author = 	 {Xavier Glorot and Yoshua Bengio},
  booktitle = 	 {Proceedings of the Thirteenth International Conference on Artificial Intelligence and Statistics},
  pages = 	 {249--256},
  year = 	 {2010},
  editor = 	 {Yee Whye Teh and Mike Titterington},
  volume = 	 {9},
  series = 	 {Proceedings of Machine Learning Research},
  address = 	 {Chia Laguna Resort, Sardinia, Italy},
  month = 	 {13--15 May},
  publisher = 	 {PMLR},
  pdf = 	 {http://proceedings.mlr.press/v9/glorot10a/glorot10a.pdf},
  url = 	 {http://proceedings.mlr.press/v9/glorot10a.html},
}

@article{DBLP:journals/corr/LinCY13,
  author    = {Min Lin and
               Qiang Chen and
               Shuicheng Yan},
  title     = {Network In Network},
  journal   = {CoRR},
  volume    = {abs/1312.4400},
  year      = {2013},
  url       = {http://arxiv.org/abs/1312.4400},
  archivePrefix = {arXiv},
  eprint    = {1312.4400},
  timestamp = {Wed, 07 Jun 2017 14:41:56 +0200},
  biburl    = {http://dblp.org/rec/bib/journals/corr/LinCY13},
  bibsource = {dblp computer science bibliography, http://dblp.org}
}

@INPROCEEDINGS{7298594, 
author={C. Szegedy and Wei Liu and Yangqing Jia and P. Sermanet and S. Reed and D. Anguelov and D. Erhan and V. Vanhoucke and A. Rabinovich}, 
booktitle={2015 IEEE Conference on Computer Vision and Pattern Recognition (CVPR)}, 
title={Going deeper with convolutions}, 
year={2015}, 
volume={}, 
number={}, 
pages={1-9}, 
keywords={Hebbian learning;convolution;decision making;feature extraction;image classification;neural net architecture;resource allocation;Hebbian principle;architectural decision;convolutional neural network architecture;object classification;object detection;resource utilization;Computer architecture;Computer vision;Convolutional codes;Neural networks;Object detection;Sparse matrices;Visualization}, 
doi={10.1109/CVPR.2015.7298594}, 
ISSN={1063-6919}, 
month={June},}

@INPROCEEDINGS{7780677, 
author={C. Szegedy and V. Vanhoucke and S. Ioffe and J. Shlens and Z. Wojna}, 
booktitle={2016 IEEE Conference on Computer Vision and Pattern Recognition (CVPR)}, 
title={Rethinking the Inception Architecture for Computer Vision}, 
year={2016}, 
volume={}, 
number={}, 
pages={2818-2826}, 
keywords={computer vision;image classification;neural nets;ILSVRC 2012 classification challenge validation set;computer vision;deep convolutional networks;inception architecture;Benchmark testing;Computational efficiency;Computational modeling;Computer architecture;Computer vision;Convolution;Training}, 
doi={10.1109/CVPR.2016.308}, 
ISSN={}, 
month={June},}

@article{DBLP:journals/corr/IoffeS15,
  author    = {Sergey Ioffe and
               Christian Szegedy},
  title     = {Batch Normalization: Accelerating Deep Network Training by Reducing
               Internal Covariate Shift},
  journal   = {CoRR},
  volume    = {abs/1502.03167},
  year      = {2015},
  url       = {http://arxiv.org/abs/1502.03167},
  archivePrefix = {arXiv},
  eprint    = {1502.03167},
  timestamp = {Wed, 07 Jun 2017 14:40:49 +0200},
  biburl    = {http://dblp.org/rec/bib/journals/corr/IoffeS15},
  bibsource = {dblp computer science bibliography, http://dblp.org}
}

@INPROCEEDINGS{7780459, 
author={K. He and X. Zhang and S. Ren and J. Sun}, 
booktitle={2016 IEEE Conference on Computer Vision and Pattern Recognition (CVPR)}, 
title={Deep Residual Learning for Image Recognition}, 
year={2016}, 
volume={}, 
number={}, 
pages={770-778}, 
keywords={image classification;learning (artificial intelligence);neural nets;object detection;CIFAR-10;COCO object detection dataset;COCO segmentation;ILSVRC & COCO 2015 competitions;ILSVRC 2015 classification task;ImageNet dataset;ImageNet localization;ImageNet test set;VGG nets;deep residual learning;deep residual nets;deeper neural network training;image recognition;residual function learning;residual nets;visual recognition tasks;Complexity theory;Degradation;Image recognition;Image segmentation;Neural networks;Training;Visualization}, 
doi={10.1109/CVPR.2016.90}, 
ISSN={}, 
month={June},}

@INPROCEEDINGS{8099726, 
author={G. Huang and Z. Liu and L. v. d. Maaten and K. Q. Weinberger}, 
booktitle={2017 IEEE Conference on Computer Vision and Pattern Recognition (CVPR)}, 
title={Densely Connected Convolutional Networks}, 
year={2017}, 
volume={}, 
number={}, 
pages={2261-2269}, 
keywords={convolution;feedforward neural nets;learning (artificial intelligence);DenseNet;dense convolutional network;feature propagation;feature reuse;object recognition benchmark tasks;traditional convolutional networks;vanishing-gradient problem;Convolution;Convolutional codes;Network architecture;Neural networks;Road transportation;Training}, 
doi={10.1109/CVPR.2017.243}, 
ISSN={1063-6919}, 
month={July},}

